<?xml version="1.0" encoding="UTF-8"?><collection xmlns="http://www.loc.gov/MARC21/slim"><record><leader>00379nam--2200121-i-4500</leader><controlfield tag="001">000021749</controlfield><controlfield tag="002">20161230</controlfield><controlfield tag="005">20161230201034</controlfield><controlfield tag="008">060222s1000------------r-----000-0-eng-d</controlfield><datafield ind1=" " ind2=" " tag="245"><subfield code="a">Handbook of automation, computation and control. vol.ii:computers and data processing</subfield></datafield><datafield ind1=" " ind2=" " tag="260"><subfield code="a">New York, John Wiley, 1958</subfield></datafield><datafield ind1=" " ind2=" " tag="700"><subfield code="a">Eugene M.Grabbe, Simon Ramo, Dean E.Wooldridge</subfield></datafield><datafield ind1=" " ind2=" " tag="852"><subfield code="a">15071</subfield></datafield></record></collection>